<?xml version="1.0" encoding="UTF-8"?>
<collection xmlns:xsi="http://www.w3.org/2001/XMLSchema-instance" xsi:schemaLocation="http://www.loc.gov/MARC21/slim http://www.loc.gov/standards/marcxml/schema/MARC21slim.xsd" xmlns="http://www.loc.gov/MARC21/slim">
<record>
  <leader>00711cam a22001931  4500</leader>
  <controlfield tag="001">3076395</controlfield>
  <controlfield tag="003">NNC</controlfield>
  <controlfield tag="005">20130426015729.0</controlfield>
  <controlfield tag="008">010828s1884    ua            000 0 ara d</controlfield>
  <datafield tag="035" ind1=" " ind2=" ">
    <subfield code="a">(OCoLC)ocm47858327</subfield>
  </datafield>
  <datafield tag="035" ind1=" " ind2=" ">
    <subfield code="9">ATP9994CU</subfield>
  </datafield>
  <datafield tag="035" ind1=" " ind2=" ">
    <subfield code="a">(NNC)3076395</subfield>
  </datafield>
  <datafield tag="040" ind1=" " ind2=" ">
    <subfield code="a">ZCU</subfield>
    <subfield code="c">ZCU</subfield>
  </datafield>
  <datafield tag="099" ind1=" " ind2=" ">
    <subfield code="a">893.78</subfield>
    <subfield code="a">Sh651</subfield>
  </datafield>
  <datafield tag="100" ind1="1" ind2=" ">
    <subfield code="a">Shirwānī, Aḥmad ibn Muḥammad,</subfield>
    <subfield code="d">-1837 or 1838.</subfield>
  </datafield>
  <datafield tag="245" ind1="1" ind2="0">
    <subfield code="a">Ḥadīqat al-afrāḥ li-izāḥat al-atrāḥ</subfield>
    <subfield code="c">[taʾlīf Aḥmad ibn Muḥammad ibn ʻAlī ibn Ibrāhīm al-Anṣārī al-Yamanī al-Shirwānī.</subfield>
  </datafield>
  <datafield tag="260" ind1=" " ind2=" ">
    <subfield code="a">al-Qāhirah,</subfield>
    <subfield code="b">al-Maṭbaʻah al-ʻĀmirah li-mālikihā ʻUthmān ʻAbd-al-Rāziq,</subfield>
    <subfield code="c">1302 h., 1884]</subfield>
  </datafield>
  <datafield tag="300" ind1=" " ind2=" ">
    <subfield code="a">7, 190 p.</subfield>
  </datafield>
  <datafield tag="955" ind1=" " ind2=" ">
    <subfield code="b">CU58886761</subfield>
    <subfield code="d">off,glx</subfield>
    <subfield code="e">893.78 Sh651</subfield>
  </datafield>
</record>
</collection>